@inproceedings{Schroff_2015,
	url = {https://doi.org/10.1109%2Fcvpr.2015.7298682},
	note = {visited on 2022-04-01},
	year = {2015},
	month = {jun},
	publisher = {{IEEE}},
	author = {Florian Schroff and Dmitry Kalenichenko and James Philbin},
	title = {{FaceNet}: A unified embedding for face recognition and clustering},
	booktitle = {2015 {IEEE} Conference on Computer Vision and Pattern Recognition ({CVPR})}
}

@inproceedings{Sohn_2016,
 author = {Sohn, Kihyuk},
 booktitle = {Advances in Neural Information Processing Systems},
 editor = {D. Lee and M. Sugiyama and U. Luxburg and I. Guyon and R. Garnett},
 publisher = {Curran Associates, Inc.},
 title = {Improved Deep Metric Learning with Multi-class N-pair Loss Objective},
 url = {https://proceedings.neurips.cc/paper/2016/file/6b180037abbebea991d8b1232f8a8ca9-Paper.pdf},
 note = {visited on 2022-04-01},
 volume = {29},
 year = {2016}
}

@inproceedings{deng2009imagenet,
  title={Imagenet: A large-scale hierarchical image database},
  author={Deng, Jia and Dong, Wei and Socher, Richard and Li, Li-Jia and Li, Kai and Fei-Fei, Li},
  booktitle={2009 IEEE conference on computer vision and pattern recognition},
  pages={248--255},
  year={2009},
  organization={Ieee}
} 

@misc{kaggle, author={Kaggle}, year={2022}, title={Happywhale - Whale and dolphin identification}, url={https://www.kaggle.com/c/happy-whale-and-dolphin}, journal={Kaggle}, note = {visited on 2022-04-01}}
 
@misc{CNN-Courseware,
    author    = {Leon Schmid and Robin Horn and Charlotte Lange and Mathis Pink and Kristina Kobrock},
    title     = {05 Introduction to CNNs},
    year      = {2021},
    address   = {University of Osnabrueck},
    howpublished       = {http://www.studip.uni-osnabrueck.de},
    note = {visited on 2022-04-01}
}
 
@misc{Training-Courseware,
    author    = {Leon Schmid and Robin Horn and Charlotte Lange and Mathis Pink and Kristina Kobrock},
    title     = {02 Training NNs},
    year      = {2021},
    address   = {University of Osnabrueck},
    howpublished       = {http://www.studip.uni-osnabrueck.de},
    note = {visited on 2022-04-01}
}

@misc{paperswithcode, title={Image classification}, url={https://paperswithcode.com/task/image-classification#papers-list}, journal={Papers With Code}, author="{Meta Platforms}", year={2022}, note = {visited on 2022-04-01}} 

@article{weng2021contrastive,
  title   = "Contrastive Representation Learning",
  author  = "Weng, Lilian",
  journal = "lilianweng.github.io",
  year    = "2021",
  url     = "https://lilianweng.github.io/posts/2021-05-31-contrastive#triplet-loss",
  note = {visited on 2022-04-01}
}

@online{hav4ik2021deepmetriclearning,
  author = "Kha Vu, Chan",
  title = "Deep Metric Learning: A (Long) Survey",
  year = "2021",
  url = "https://hav4ik.github.io/articles/deep-metric-learning-survey",
  note = {visited on 2022-04-01}
}

@online{moindrot,
  author = " Moindrot, Olivier",
  title = "Triplet Loss and Online Triplet Mining in TensorFlow",
  year = "2018",
  url = "https://omoindrot.github.io/triplet-loss#triplet-mining",
  note = {visited on 2022-04-01}
}

@misc{kapse,
  author = "Kapse, Akhilesh D.",
  title = "Foreground extraction-opencv",
  year = "2020",
  url = "https://www.kaggle.com/code/akhileshdkapse/foreground-extraction-opencv/notebook",
  note = {visited on 2022-04-01}
}

@misc{cnn_architecture_img,
  author = "Raghav, Prabhu",
  title = "Neural network with many convolutional layers",
  year = "2018",
  url = "https://miro.medium.com/max/1200/1*XbuW8WuRrAY5pC4t-9DZAQ.jpeg",
  note = {visited on 2022-04-01}
}

@misc{happywhaledotcom,
author = "n.d.",
url = "https://happywhale.com",
year = "2022",
note = {visited on 2022-04-01}
}
